@misc{CdsTitIICapoII,
	author = {{Codice della Strada}},
	title = {{T}itolo {II} - {D}ella costruzione e tutela della strade. {C}apo {II} - {O}rganizzazione della circolazione della segnaletica stradale},
	year = 1992,
	month = apr,
	note = {Articoli 37-45}
}


@misc{UE2007,
	author = {{Consiglio Europeo}},
	title = {{Allegato II della direttiva n. 2007/46/CE (direttiva quadro per l'omologazione dei veicoli) }},
	year = 2007,
	month = sep
}

