@misc{CdsTitIICapoII,
	author = {{Codice della Strada}},
	title = {{Titolo II - Della costruzione e tutela della strade. Capo II - Organizzazione della circolazione della segnaletica stradale}},
	year = 1992,
	month = apr,
	note = {Articoli 37-45}
}


@misc{UE2007,
	author = {{Consiglio Europeo}},
	title = {{Allegato II della direttiva n. 2007/46/CE (direttiva quadro per l'omologazione dei veicoli) }},
	year = 2007,
	month = sep
}

@incollection{esposito2003fondamenti,
	title={Fondamenti di infrastrutture viarie},
	author={Esposito, T. and Mauro, R.},
	number={1},
	isbn={9788886977319},
	year={2003},
	publisher={Hevelius},
	chapter = 11
}

@misc{CdsTitV,
	author = {{Codice della Strada}},
	title = {{Titolo {V} - Norme di comportamento}},
	year = 1992,
	month = apr,
	note = {Articolo 145}
}

@inbook{Clocksin:2003,
	author = {Clocksin, W F. and Mellish, Christopher S.},
	title = {Programming in Prolog (5th Ed.)},
	chapter = 7,
	year = {2003},
	isbn = {978-3-642-55481-0},
	publisher = {Springer-Verlag New York, Inc.},
	address = {New York, NY, USA},
} 

@misc{Prontuario,
	title = {Prontuario muto per l'esame orale},
	howpublished = {Editrice La Strada Srl},
	note = {Nuova Edizione}
}